<record xmlns="http://www.loc.gov/MARC21/slim" xmlns:xsi="http://www.w3.org/2001/XMLSchema-instance" xsi:schemaLocation="http://www.loc.gov/MARC21/slim http://www.loc.gov/standards/marcxml/schema/MARC21slim.xsd"><leader>01645nam a2200349   4500</leader><controlfield tag="001">001685784</controlfield><controlfield tag="003">NNU</controlfield><controlfield tag="006">m        d        </controlfield><controlfield tag="007">cr cn |||m|||a</controlfield><controlfield tag="008">140707s1950    ua h    o     000 0 ara d</controlfield><datafield ind1=" " ind2=" " tag="040"><subfield code="a">NNU</subfield><subfield code="b">eng</subfield><subfield code="c">NNU</subfield></datafield><datafield ind1=" " ind2=" " tag="066"><subfield code="c">(3</subfield></datafield><datafield ind1=" " ind2=" " tag="090"><subfield code="a">PJ7698.S9</subfield><subfield code="b">D5 1950</subfield></datafield><datafield ind1="0" ind2=" " tag="100"><subfield code="6">880-01</subfield><subfield code="a">Su&#7717;aym,</subfield><subfield code="d">d. 660 or 61.</subfield></datafield><datafield ind1="1" ind2="0" tag="240"><subfield code="a">Poems.</subfield><subfield code="f">1950</subfield></datafield><datafield ind1="1" ind2="0" tag="245"><subfield code="6">880-02</subfield><subfield code="a">D&#299;w&#257;n Su&#7717;aym &#699;Abd Ban&#299; al-&#7716;as&#7717;&#257;s</subfield><subfield code="h">[electronic resource] /</subfield><subfield code="c">bi-ta&#7717;q&#299;q &#699;Abd al-&#699;Az&#299;z al-Mayman&#299;.</subfield></datafield><datafield ind1=" " ind2=" " tag="260"><subfield code="6">880-03</subfield><subfield code="a">al-Q&#257;hirah :</subfield><subfield code="b">D&#257;r al-Kutub al-Mi&#7779;r&#299;yah, al-Qism al-Adab&#299;,</subfield><subfield code="c">1950.</subfield></datafield><datafield ind1=" " ind2=" " tag="300"><subfield code="a">online resource (70 p.) :</subfield><subfield code="b">facsims.</subfield></datafield><datafield ind1=" " ind2=" " tag="500"><subfield code="a">In Arabic.</subfield></datafield><datafield ind1=" " ind2=" " tag="500"><subfield code="a">Partially vocalized.</subfield></datafield><datafield ind1=" " ind2=" " tag="500"><subfield code="a">Part of the Arabic Collections Online (ACO) project, contributed by New York Univeristy Libraries.</subfield></datafield><datafield ind1=" " ind2=" " tag="533"><subfield code="a">Electronic reproduction.</subfield><subfield code="b">New York, N.Y. :</subfield><subfield code="c">New York University,</subfield><subfield code="d">2014.</subfield><subfield code="5">NNU</subfield></datafield><datafield ind1="1" ind2=" " tag="700"><subfield code="6">880-04</subfield><subfield code="a">R&#257;jk&#363;t&#299;, &#699;Abd al-&#699;Az&#299;z al-Mayman&#299;</subfield></datafield><datafield ind1="2" ind2=" " tag="710"><subfield code="a">New York University.</subfield><subfield code="b">Libraries.</subfield></datafield><datafield ind1="0" ind2=" " tag="730"><subfield code="a">Arabic Collections Online.</subfield></datafield><datafield ind1="0" ind2="8" tag="776"><subfield code="i">Print version:</subfield><subfield code="a">Su&#7717;aym, d. 660 or 61.</subfield><subfield code="t">D&#299;w&#257;n Su&#7717;aym &#699;Abd Ban&#299; al-&#7716;as&#7717;&#257;s</subfield><subfield code="w">(NNU)001685784</subfield></datafield><datafield ind1="4" ind2="0" tag="856"><subfield code="u">http://hdl.handle.net/2333.1/r2280j6z</subfield></datafield><datafield ind1="0" ind2=" " tag="880"><subfield code="6">100-01/</subfield><subfield code="a">&#1587;&#1581;&#1610;&#1605; &#1593;&#1576;&#1583; &#1576;&#1606;&#1610; &#1575;&#1604;&#1581;&#1587;&#1581;&#1575;&#1587;.</subfield></datafield><datafield ind1="1" ind2="0" tag="880"><subfield code="6">245-02/</subfield><subfield code="a">&#1583;&#1610;&#1608;&#1575;&#1606; &#1587;&#1581;&#1610;&#1605; &#1593;&#1576;&#1583; &#1576;&#1606;&#1610; &#1575;&#1604;&#1581;&#1587;&#1581;&#1575;&#1587; /</subfield><subfield code="c">&#1576;&#1578;&#1581;&#1602;&#1610;&#1602; &#1593;&#1576;&#1583; &#1575;&#1604;&#1593;&#1586;&#1610;&#1586; &#1575;&#1604;&#1605;&#1610;&#1605;&#1606;&#1610;.</subfield></datafield><datafield ind1=" " ind2=" " tag="880"><subfield code="6">260-03/</subfield><subfield code="a">&#1575;&#1604;&#1602;&#1575;&#1607;&#1585;&#1577; :</subfield><subfield code="b">&#1583;&#1575;&#1585; &#1575;&#1604;&#1603;&#1578;&#1576; &#1575;&#1604;&#1605;&#1589;&#1585;&#1610;&#1577;&#1548; &#1575;&#1604;&#1602;&#1587;&#1605; &#1575;&#1604;&#1571;&#1583;&#1576;&#1610;&#1548;</subfield><subfield code="c">&#1633;&#1641;&#1637;&#1632;.</subfield></datafield><datafield ind1="0" ind2=" " tag="880"><subfield code="6">700-04/</subfield><subfield code="a">&#1593;&#1576;&#1583; &#1575;&#1604;&#1593;&#1586;&#1610;&#1586; &#1575;&#1604;&#1605;&#1610;&#1605;&#1606;&#1610;.</subfield></datafield><datafield ind1=" " ind2=" " tag="959"><subfield code="a">NNU</subfield><subfield code="b">WEB</subfield><subfield code="c">GENI</subfield><subfield code="t">0</subfield><subfield code="m">Electronic access</subfield><subfield code="s">01</subfield></datafield></record>